
@Misc{lnilatex,
 title = {Die LNI Dokumentenklasse für LaTeX},
 url = {http://www.gi-ev.de/fileadmin/redaktion/Autorenrichtlinien/LNILaTeX-Vorlage.zip},
 author = {Robert Tolksdorf},
 year = {1212}
}

@Misc{autorenrichtlinien,
	title = {Autorenrichtlinien zur GI-Edition Lecture Notes in Informatics (LNI)},
	url = {http://www.gi-ev.de/fileadmin/redaktion/2005_LNI/LNI-Autorenrichtlinien.pdf},
	author = {Hans I. Glueck},
	year = {2005}
}

@book{pepper1992grundlagen,
  title={Grundlagen der Informatik},
  author={Pepper, Peter},
  year={1992},
  publisher={Oldenbourg}
}

@article{chen2001audiovisual,
  title={Audiovisual speech processing},
  author={Chen, Tsuhan},
  journal={IEEE Signal Processing Magazine},
  volume={18},
  number={1},
  pages={9--21},
  year={2001},
  publisher={IEEE}
}

@article{hoy2018voice,
  title={Alexa, Siri, Cortana, and more: An introduction to voice assistants},
  author={Hoy, Matthew B},
  journal={Medical Reference Services Quarterly},
  volume={37},
  number={1},
  pages={81--88},
  year={2018},
  publisher={Taylor \& Francis}
}

@article{radford2023whisper,
  title={Robust Speech Recognition via Large-Scale Weak Supervision},
  author={Radford, Alec and Kim, Jong Wook and Xu, Tao and Brockman, Greg and McLeavey, Christine and Sutskever, Ilya},
  journal={arXiv preprint arXiv:2212.04356},
  year={2023},
  url={https://cdn.openai.com/papers/whisper.pdf}
}

@inproceedings{brown2020language,
  title={Language models are few-shot learners},
  author={Brown, Tom B and Mann, Benjamin and Ryder, Nick and Subbiah, Melanie and Kaplan, Jared and Dhariwal, Prafulla and others},
  booktitle={Advances in Neural Information Processing Systems},
  volume={33},
  pages={1877--1901},
  year={2020}
}

@misc{openai2024gpt4,
  title={GPT-4 Technical Report},
  author={OpenAI},
  year={2024},
  url={https://openai.com/research/gpt-4},
  note={\url{https://arxiv.org/abs/2303.08774}}
}

@article{schick2023toolformer,
  title={Toolformer: Language Models Can Teach Themselves to Use Tools},
  author={Schick, Timo and Dwivedi-Yu, Jonathan and Maini, Pranav and Chadha, Aman and others},
  journal={arXiv preprint arXiv:2302.04761},
  year={2023}
}

@article{mialon2023augmented,
  title={Augmented Language Models: A Survey},
  author={Mialon, Guillaume and Deleu, Tristan and Dohan, David and others},
  journal={arXiv preprint arXiv:2302.07842},
  year={2023}
}

@inproceedings{liu2022conversational,
  title={Exploring conversational semantic parsing for task-oriented dialog systems},
  author={Liu, Bing and Hu, Hexin and Yu, Dian and Zhang, Yizhe and Williams, Jason D},
  booktitle={Proceedings of the 60th Annual Meeting of the Association for Computational Linguistics (Volume 1: Long Papers)},
  pages={3129--3147},
  year={2022}
}

@article{wang2021spoken,
  title={Spoken language understanding: A survey},
  author={Wang, Bing and Yu, Dong and Wu, Yajing and others},
  journal={IEEE/ACM Transactions on Audio, Speech, and Language Processing},
  volume={29},
  pages={1135--1152},
  year={2021}
}

@misc{deepseek2023,
  title={DeepSeek: A semantic similarity API for text and images},
  author={DeepSeek Team},
  howpublished={\url{https://deepseek.ai/}},
  year={2023},
  note={Accessed: 2025-06-07}
}

@article{bubeck2023sparks,
  title={Sparks of Artificial General Intelligence: Early experiments with GPT-4},
  author={Bubeck, Stephen and Chandrasekaran, Kamal and Eldan, Ron and Gehrke, Johannes and Horvitz, Eric and Kamar, Ece and Lee, Hayden and Luan, Di and Mann, Tim and Novodvorskiy, Vatsal and others},
  journal={arXiv preprint arXiv:2303.12712},
  year={2023},
  url={https://arxiv.org/abs/2303.12712}
}

@article{chen2024webform,
  title = {Using Large Language Model to Fill in Web Forms to Support Automated Web Application Testing},
  author = {Chen, Fen-Kai and Liu, Chih-Hao and You, Shing-Dong},
  journal = {Information},
  volume = {16},
  number = {2},
  pages = {102},
  year = {2024},
  publisher = {MDPI},
  doi = {10.3390/info16020102}
}

@unpublished{sun2023slot,
  title = {Speech-based Slot Filling using Large Language Models},
  author = {Sun, Guangzhi and Feng, Shutong and Jiang, Dongcheng and Zhang, Chao and Ga{\v{s}}ić, Milica and Woodland, Philip C.},
  year = {2023},
  note = {arXiv preprint arXiv:2311.07418}
}

@unpublished{fathullah2023prompting,
  title = {Prompting Large Language Models with Speech Recognition Abilities},
  author = {Fathullah, Yassir and Wu, Chunyang and Lakomkin, Egor and Jia, Junteng and Shangguan, Yuan and others},
  year = {2023},
  note = {arXiv preprint arXiv:2307.11795}
}

@unpublished{kumar2025benchmarking,
  title = {Benchmarking Automatic Speech Recognition coupled LLM Modules for Medical Diagnostics},
  author = {Kumar, Kabir},
  year = {2025},
  note = {arXiv preprint arXiv:2502.13982}
}

@article{du2021template,
  title={Template Filling with Generative Transformers},
  author={Du, Xin and Rush, Alexander M.},
  journal={ACL Anthology},
  year={2021},
  url={https://www.semanticscholar.org/paper/Template-Filling-with-Generative-Transformers-Du-Rush/e9b3fed266dff06d44be861cce8bd9c247b7d42a}
}


@article{li2022can,
  title={Can Large Language Models Serve as a Database Interface? A Preliminary Study},
  author={Li, Hui and others},
  journal={arXiv preprint arXiv:2202.08572},
  year={2022},
  url={https://www.semanticscholar.org/paper/Can-LLM-Already-Serve-as-A-Database-Interface-A-BIg-Li-Hui/8f831f341e959955a495730d81996e62c57cc0bd}
}

@article{du2020event,
  title={Event Extraction by Answering (Almost) Natural Questions},
  author={Du, Xin and Cardie, Claire},
  year={2020}
}


@misc{google2024langextract,
  title={LangExtract: Schema-based Information Extraction with Large Language Models},
  author={{Google Research}},
  howpublished={\url{https://github.com/google-research/langextract}},
  year={2024},
  note={Accessed: 2025-08-31}
}

@misc{deepseek2023,
  author    = {DeepSeek Team},
  title     = {DeepSeek Embeddings},
  howpublished = {\url{https://deepseek.com}},
  year      = {2023}
}

@inproceedings{chinchor1992muc4,
  author    = {Nancy Chinchor},
  title     = {MUC-4 Evaluation Metrics},
  booktitle = {Proceedings of the 4th Message Understanding Conference (MUC-4)},
  year      = {1992},
  pages     = {22--29},
  url       = {https://www.semanticscholar.org/paper/3dcda1bec36586b46b1dc67a477beca2c5a105be}
}

@book{norman2013design,
  author = {Don Norman},
  title = {The Design of Everyday Things},
  publisher = {Basic Books},
  year = {2013}
}

@book{shneiderman2016designing,
  author = {Ben Shneiderman and Catherine Plaisant and Maxine Cohen and Steven Jacobs and Niklas Elmqvist and Nicholas Diakopoulos},
  title = {Designing the User Interface: Strategies for Effective Human-Computer Interaction},
  edition = {6},
  publisher = {Pearson},
  year = {2016}
}

@inproceedings{porcheron2018voice,
  author = {Porcheron, Martin and Fischer, Joel E. and Reeves, Stuart and Sharples, Sarah},
  title = {Voice Interfaces in Everyday Life},
  booktitle = {Proceedings of the 2018 CHI Conference on Human Factors in Computing Systems},
  year = {2018},
  doi = {10.1145/3173574.3174214}
}

@inproceedings{luger2016badpa,
  author = {Luger, Ewa and Sellen, Abigail},
  title = {“Like Having a Really Bad PA”: The Gulf Between User Expectation and Experience of Conversational Agents},
  booktitle = {Proceedings of the 2016 CHI Conference on Human Factors in Computing Systems},
  year = {2016},
  pages = {5286--5297},
  doi = {10.1145/2858036.2858288}
}

@book{clark2020accessible,
  author = {James Clark},
  title = {Designing Accessible Voice Interfaces},
  publisher = {O'Reilly Media},
  year = {2020}
}

@inproceedings{bohus2005sorry,
  author = {Bohus, Dan and Rudnicky, Alexander I.},
  title = {Sorry, I Didn’t Catch That! An Investigation of Non-understanding Errors and Recovery Strategies},
  booktitle = {Proceedings of SIGdial Workshop on Discourse and Dialogue},
  year = {2005}
}

@inproceedings{paek2000conversation,
  author = {Paek, Timothy and Horvitz, Eric},
  title = {Conversation as Action Under Uncertainty},
  booktitle = {Proceedings of the 16th Conference on Uncertainty in Artificial Intelligence (UAI)},
  year = {2000}
}

@inproceedings{anderson2017guided,
  title={Guided open vocabulary image captioning with constrained beam search},
  author={Anderson, Peter and Fernando, Basura and Johnson, Mark and Gould, Stephen},
  booktitle={Proceedings of the 2017 Conference on Empirical Methods in Natural Language Processing (EMNLP)},
  pages={936--945},
  year={2017},
  organization={Association for Computational Linguistics}
}


@article{chen2024webforms,
  author = {Chen, Fu-Kai and Liu, Cheng-Hung and You, Shao-Da},
  title = {Using Large Language Model to Fill in Web Forms to Support Automated Web Application Testing},
  journal = {Information},
  volume = {16},
  number = {2},
  pages = {102},
  year = {2024}
}

@inproceedings{chinchor1992muc,
  title={MUC-4 evaluation metrics},
  author={Chinchor, Nancy},
  booktitle={Proceedings of the 4th Message Understanding Conference (MUC-4)},
  pages={22--29},
  year={1992},
  organization={Association for Computational Linguistics}
}

@inproceedings{doddington2004ace,
  title={The Automatic Content Extraction (ACE) program -- tasks, data, and evaluation},
  author={Doddington, George and Mitchell, Alexis and Przybocki, Mark and Ramshaw, Lance and Strassel, Stephanie and Weischedel, Ralph},
  booktitle={Proceedings of the 4th International Conference on Language Resources and Evaluation (LREC)},
  pages={837--840},
  year={2004},
  organization={European Language Resources Association}
}

@inproceedings{tjong2003introduction,
  title={Introduction to the CoNLL-2003 shared task: Language-independent named entity recognition},
  author={Tjong Kim Sang, Erik F. and De Meulder, Fien},
  booktitle={Proceedings of the Seventh Conference on Natural Language Learning at HLT-NAACL 2003},
  pages={142--147},
  year={2003},
  organization={Association for Computational Linguistics}
}

@inproceedings{bastianelli2020slurp,
  title={SLURP: A spoken language understanding resource package},
  author={Bastianelli, Emanuele and Vanzo, Andrea and Swietojanski, Pawel and Rieser, Verena and Lemon, Oliver},
  booktitle={Proceedings of the 2020 Conference on Empirical Methods in Natural Language Processing (EMNLP)},
  pages={7252--7262},
  year={2020},
  organization={Association for Computational Linguistics}
}

@article{fielding2000rest,
  author = {Fielding, Roy Thomas},
  title = {Architectural Styles and the Design of Network-based Software Architectures},
  journal = {Doctoral Dissertation, University of California, Irvine},
  year = {2000}
}

@book{richardson2013restful,
  author = {Leonard Richardson and Mike Amundsen and Sam Ruby},
  title = {RESTful Web APIs},
  publisher = {O'Reilly Media},
  year = {2013}
}

@misc{openapi2024spec,
  author = {{OpenAPI Initiative}},
  title = {OpenAPI Specification 3.1.0},
  year = {2024},
  howpublished = {\url{https://spec.openapis.org/oas/latest.html}},
  note = {Accessed: 2025-07-16}
}

@misc{oauth2spec,
  author = {{IETF}},
  title = {OAuth 2.0 Authorization Framework},
  year = {2012},
  howpublished = {\url{https://tools.ietf.org/html/rfc6749}},
  note = {RFC 6749}
}

@inproceedings{schneider2022log,
  author = {Schneider, Daniel and Ustaran, Eduardo},
  title = {Auditability and Traceability in AI Systems},
  booktitle = {Proceedings of the International Conference on Data Protection and Privacy},
  year = {2022}
}

@misc{gdpr2018,
  title = {General Data Protection Regulation (GDPR)},
  year = {2018},
  howpublished = {\url{https://eur-lex.europa.eu/eli/reg/2016/679/oj}},
  note = {Accessed: 2025-07-16}
}

@inproceedings{sandhu1996rbac,
  author = {Sandhu, Ravi S. and Coyne, Edward J. and Feinstein, Hal L. and Youman, Charles E.},
  title = {Role-Based Access Control Models},
  booktitle = {IEEE Computer},
  volume = {29},
  number = {2},
  pages = {38--47},
  year = {1996}
}

@techreport{nist800,
  author = {National Institute of Standards and Technology},
  title = {FIPS PUB 200: Minimum Security Requirements for Federal Information and Information Systems},
  institution = {NIST},
  year = {2006}
}

@misc{rfc8446,
  author = {Rescorla, Eric},
  title = {The Transport Layer Security (TLS) Protocol Version 1.3},
  howpublished = {RFC 8446},
  year = {2018},
  note = {\url{https://datatracker.ietf.org/doc/html/rfc8446}}
}

@inproceedings{schneider2022log,
  author = {Schneider, Daniel and Ustaran, Eduardo},
  title = {Auditability and Traceability in AI Systems},
  booktitle = {Proceedings of the International Conference on Data Protection and Privacy},
  year = {2022}
}

@article{abou2017data,
  author = {Abou El Kalam, Anas and Deswarte, Yves},
  title = {Data Privacy and Security Requirements in Cloud Computing Architectures},
  journal = {Journal of Cloud Computing},
  volume = {6},
  number = {1},
  year = {2017}
}


@article{wang2021slu,
  author = {Wang, Bing and Yu, Dong and Wu, Yifan},
  title = {Spoken Language Understanding: A Survey},
  journal = {IEEE/ACM Transactions on Audio, Speech, and Language Processing},
  volume = {29},
  pages = {1135--1152},
  year = {2021},
  doi = {10.1109/TASLP.2021.3064172}
}

@misc{dialogflow2024,
  title = {Dialogflow CX Documentation},
  author = {Google Cloud},
  year = {2024},
  howpublished = {\url{https://cloud.google.com/dialogflow/docs/cx}}
}

@misc{msagents2024,
  title = {Microsoft Power Virtual Agents},
  author = {Microsoft},
  year = {2024},
  howpublished = {\url{https://learn.microsoft.com/en-us/power-virtual-agents/overview}}
}

@article{bubeck2023sparks,
  author = {Bubeck, Sébastien and Chandrasekaran, Varun and Eldan, Ronen and others},
  title = {Sparks of Artificial General Intelligence: Early Experiments with GPT-4},
  journal = {arXiv preprint arXiv:2303.12712},
  year = {2023}
}

@article{truthfulqa,
  title={TruthfulQA: Measuring How Models Mimic Human Falsehoods},
  author={Kadavath, Saurav and Murnane, Kevin and Ganguli, Deep and Askell, Amanda and Henighan, Tom and et al.},
  journal={arXiv preprint arXiv:2109.07958},
  year={2021}
}

@article{wang2023selfcheckgpt,
  title={SelfCheckGPT: Zero-Resource Black-Box Hallucination Detection for Generative Large Language Models},
  author={Wang, Yuxuan and Kordi, Yacine Jernite and Shokouhi, Milad and et al.},
  journal={arXiv preprint arXiv:2303.08896},
  year={2023}
}

@inproceedings{lin2022teaching,
  title={Teaching language models to support answers with verified sources},
  author={Lin, Xi Victoria and Beltagi, Asli Celikyilmaz and Yih, Wen-tau and Gao, Jianfeng and others},
  booktitle={Proceedings of the 60th Annual Meeting of the Association for Computational Linguistics (ACL)},
  year={2022}
}

@inproceedings{self-consistency,
  title={Self-Consistency Improves Chain of Thought Reasoning in Language Models},
  author={Wang, Xuezhi and Wei, Jason and Schuurmans, Dale and et al.},
  booktitle={Proceedings of NeurIPS},
  year={2022},
  note={arXiv:2203.11171}
}


@article{wang2023selfchesckgpt,
  title={SelfCheckGPT: Zero-Resource Black-Box Hallucination Detection for Generative Large Language Models},
  author={Wang, Yuxuan and Kordi, Yacine and Shokouhi, Milad and others},
  journal={arXiv preprint arXiv:2303.08896},
  year={2023}
}

@misc{deepseek2023,
  author = {DeepSeek Team},
  title = {DeepSeek: A Semantic Similarity API for Text and Images},
  howpublished = {\url{https://deepseek.ai}},
  year = {2023},
  note = {Accessed: 2025-06-07}
}

@article{truthfulqa,
  title={TruthfulQA: Measuring How Models Mimic Human Falsehoods},
  author={Kadavath, Saurav and Murnane, Kevin and Ganguli, Deep and others},
  journal={arXiv preprint arXiv:2109.07958},
  year={2021}
}

@article{self-consistency,
  title={Self-Consistency Improves Chain of Thought Reasoning in Language Models},
  author={Wang, Xuezhi and Wei, Jason and Schuurmans, Dale and others},
  journal={arXiv preprint arXiv:2203.11171},
  year={2022}
}

@article{gao2020dialog,
  title={Dialog State Tracking: A Neural Reading Comprehension Approach},
  author={Gao, Jianfeng and Galley, Michel and Li, Lihong},
  journal={Foundations and Trends in Information Retrieval},
  volume={12},
  number={3},
  pages={217--298},
  year={2020}
}

@misc{tls13,
  title = {{RFC 8446: The Transport Layer Security (TLS) Protocol Version 1.3}},
  author = {{Rescorla, E.}},
  year = {2018},
  howpublished = {\url{https://datatracker.ietf.org/doc/html/rfc8446}},
  note = {IETF}
}

@misc{owasp,
  title = {{OWASP Top Ten Web Application Security Risks}},
  author = {{OWASP Foundation}},
  year = {2023},
  howpublished = {\url{https://owasp.org/Top10/}}
}

@misc{iso27001,
  title = {{ISO/IEC 27001:2022 – Information security, cybersecurity and privacy protection}},
  year = {2022},
  organization = {ISO},
  howpublished = {\url{https://www.iso.org/isoiec-27001-information-security.html}}
}

@article{sandhu1996rbac,
  title={Role-based access control models},
  author={Sandhu, Ravi and Coyne, Edward J and Feinstein, Hal L and Youman, Charles E},
  journal={IEEE Computer},
  volume={29},
  number={2},
  pages={38--47},
  year={1996}
}

@misc{gdpr,
  title = {{General Data Protection Regulation (GDPR)}},
  year = {2016},
  howpublished = {\url{https://gdpr.eu/}},
  note = {European Union Regulation 2016/679}
}

@misc{whispercpp,
  author = {Georgi Gerganov},
  title = {Whisper.cpp: High-performance inference of OpenAI’s Whisper ASR model},
  year = {2023},
  howpublished = {\url{https://github.com/ggerganov/whisper.cpp}}
}

@article{touvron2023llama,
  title={LLaMA: Open and efficient foundation language models},
  author={Touvron, Hugo and Lavril, Thibaut and Izacard, Gautier and others},
  journal={arXiv preprint arXiv:2302.13971},
  year={2023}
}


@inproceedings{binns2018consent,
  title={‘It’s Reducing a Human Being to a Percentage’: Perceptions of Justice in Algorithmic Decisions},
  author={Binns, Reuben and Veale, Michael and Van Kleek, Max and Shadbolt, Nigel},
  booktitle={Proceedings of the 2018 CHI Conference on Human Factors in Computing Systems},
  pages={1--14},
  year={2018},
  organization={ACM}
}

@article{doshi2017towards,
  title={Towards a rigorous science of interpretable machine learning},
  author={Doshi-Velez, Finale and Kim, Been},
  journal={arXiv preprint arXiv:1702.08608},
  year={2017}
}

@book{samek2019explainable,
  title={Explainable AI: Interpreting, explaining and visualizing deep learning},
  author={Samek, Wojciech and Montavon, Gr{\'e}goire and Vedaldi, Andrea and Hansen, Lars Kai and M{\"u}ller, Klaus-Robert},
  publisher={Springer Nature},
  year={2019}
}

@inproceedings{thomas2019interacting,
  title={Interacting with explanations: Understanding and visualizing model predictions with human feedback},
  author={Thomas, Clayton and Verma, Sahil and Sen, Shayak and others},
  booktitle={Proceedings of IUI},
  year={2019}
}

@inproceedings{ribeiro2016should,
  title={"Why should I trust you?": Explaining the predictions of any classifier},
  author={Ribeiro, Marco Tulio and Singh, Sameer and Guestrin, Carlos},
  booktitle={Proceedings of the 22nd ACM SIGKDD international conference on knowledge discovery and data mining},
  pages={1135--1144},
  year={2016}
}

@article{wang2022trust,
  title={Trust and transparency in AI: a systematic review},
  author={Wang, Yijun and Siau, Keng},
  journal={Journal of Strategic Information Systems},
  volume={31},
  number={1},
  year={2022},
  pages={101717}
}


@article{gatt2018survey,
  author       = {Albert Gatt and Emiel Krahmer},
  title        = {Survey of the State of the Art in Natural Language Generation: Core tasks, applications and evaluation},
  journal      = {Journal of Artificial Intelligence Research},
  volume       = {61},
  pages        = {65--170},
  year         = {2018},
  doi          = {10.1613/jair.5477}
}

@article{friedman2004survey,
  author       = {Carol Friedman and George Hripcsak and William DuMouchel and Stephen B. Johnson and Paul D. Clayton},
  title        = {Natural language processing in an operational clinical information system},
  journal      = {Natural Language Engineering},
  volume       = {10},
  number       = {3-4},
  pages        = {327--349},
  year         = {2004},
  doi          = {10.1017/S1351324904003527}
}


@inproceedings{jonnalagadda2010medical,
  author       = {Siddhartha R. Jonnalagadda and Graciela Gonzalez},
  title        = {Medical Concept Normalization for Clinical Narratives using a Domain-specific Knowledge Base},
  booktitle    = {Proceedings of the 2010 IEEE International Conference on Bioinformatics and Biomedicine (BIBM)},
  pages        = {167--172},
  year         = {2010},
  organization = {IEEE},
  doi          = {10.1109/BIBM.2010.5706553}
}


@article{bodenreider2004unified,
  author       = {Olivier Bodenreider},
  title        = {The Unified Medical Language System (UMLS): integrating biomedical terminology},
  journal      = {Nucleic Acids Research},
  volume       = {32},
  number       = {suppl\_1},
  pages        = {D267--D270},
  year         = {2004},
  doi          = {10.1093/nar/gkh061}
}

@article{grishman1997information,
  title={Information extraction: Techniques and challenges},
  author={Grishman, Ralph},
  journal={Information extraction: A multidisciplinary approach to an emerging information technology},
  pages={10--27},
  year={1997},
  publisher={Springer}
}

@article{sarawagi2008information,
  title={Information extraction},
  author={Sarawagi, Sunita},
  journal={Foundations and Trends in Databases},
  volume={1},
  number={3},
  pages={261--377},
  year={2008},
  publisher={Now Publishers}
}

@inproceedings{baldwin2013noisy,
  title={Noisy text processing},
  author={Baldwin, Timothy and Chai, Keh-Jiann},
  booktitle={Proceedings of the 23rd International Conference on Computational Linguistics: Tutorial Abstracts},
  pages={1--3},
  year={2013},
  organization={ACL}
}

@article{ruder2019cross,
  title={Cross-lingual transfer learning for natural language processing},
  author={Ruder, Sebastian and Neubig, Graham and S{\o}gaard, Anders and Vulic, Ivan},
  journal={arXiv preprint arXiv:1901.07291},
  year={2019}
}

@article{demner2009metamap,
  title={MetaMap Lite: an evaluation of a new Java implementation of MetaMap},
  author={Demner-Fushman, Dina and Rogers, William J and Aronson, Alan R},
  journal={Journal of the American Medical Informatics Association},
  volume={16},
  number={4},
  pages={697--700},
  year={2009},
  publisher={Oxford University Press}
}

@book{jurafsky2023speech,
  title={Speech and Language Processing (3rd Edition draft)},
  author={Jurafsky, Daniel and Martin, James H.},
  year={2023},
  note={Draft available at \url{https://web.stanford.edu/~jurafsky/slp3/}}
}

@inproceedings{amershi2019guidelines,
  title={Guidelines for human-AI interaction},
  author={Amershi, Saleema and Weld, Daniel S. and Vorvoreanu, Mihaela and Fourney, Adam and Nushi, Besmira and Collisson, Patrick and Suh, Jina and Iqbal, Shamsi T. and Bennett, Paul N. and Inkpen, Kori and Teevan, Jaime and Kikin-Gil, Daniela and Horvitz, Eric},
  booktitle={Proceedings of the 2019 CHI Conference on Human Factors in Computing Systems},
  pages={1--13},
  year={2019},
  organization={ACM}
}

@article{huang2024authorship,
  title={Authorship Attribution in the Era of LLMs: Problems, Methodologies, and Challenges},
  author={Huang, Baixiang and Chen, Canyu and Shu, Kai},
  journal={SIGKDD Explorations},
  volume={26},
  number={2},
  pages={21--43},
  year={2024},
  doi={10.1145/3715073.3715076}
}

@misc{jurafsky2023slp,
  title        = {Speech and Language Processing (3rd Edition Draft)},
  author       = {Jurafsky, Daniel and Martin, James H.},
  year         = {2023},
  howpublished = {\url{https://web.stanford.edu/~jurafsky/slp3/}},
  note         = {Draft textbook}
}


@article{wei2022emergent,
  title={Emergent abilities of large language models},
  author={Wei, Jason and Tay, Yi and Bommasani, Rishi and Raffel, Colin and Zoph, Barret and Borgeaud, Sebastian and others},
  journal={Transactions on Machine Learning Research},
  year={2022}
}

@article{shen2023hugginggpt,
  title={HuggingGPT: Solving AI tasks with ChatGPT and its friends in Hugging Face},
  author={Shen, Yongliang and Song, Kaitao and Tan, Xu and Li, Dongsheng and Lu, Weiming and Zhuang, Yueting},
  journal={arXiv preprint arXiv:2303.17580},
  year={2023}
}

@article{pan2023chatgpt,
  title={A preliminary evaluation of ChatGPT for zero-shot dialogue understanding},
  author={Pan, Wenbo and Chen, Qiguang and Xu, Xiao and Che, Wanxiang and Qin, Libo},
  journal={arXiv preprint arXiv:2304.04256},
  year={2023}
}

@article{zhang2023sgptod,
  title={SGP-TOD: Building task bots effortlessly via schema-guided LLM prompting},
  author={Zhang, Xiaoying and Peng, Baolin and Li, Kun and Zhou, Jingyan and Meng, Helen},
  journal={arXiv preprint arXiv:2305.09067},
  year={2023}
}

@inproceedings{lin2021leveraging,
  title={Leveraging Slot Descriptions for Zero-Shot Cross-Domain Dialogue State Tracking},
  author={Lin, Zhaojiang and Liu, Bing and Moon, Seungwhan and Crook, Paul and Zhou, Zhenpeng and Wang, Zhiguang and Yu, Zhou and Madotto, Andrea and Cho, Eunjoon and Subba, Rajen},
  booktitle={Proceedings of the 2021 Conference of the North American Chapter of the Association for Computational Linguistics: Human Language Technologies},
  pages={5640--5648},
  year={2021}
}

@article{peng2023check,
  title={Check Your Facts and Try Again: Improving Large Language Models with External Knowledge and Automated Feedback},
  author={Peng, Baolin and Galley, Michel and He, Pengcheng and Cheng, Hao and Xie, Yujia and Hu, Yu and Huang, Qiuyuan and Liden, Lars and Yu, Zhou and Chen, Weizhu and Gao, Jianfeng},
  journal={arXiv preprint arXiv:2302.12813},
  year={2023}
}

@article{liang2023taskmatrix,
  title={TaskMatrix.AI: Completing tasks by connecting foundation models with millions of APIs},
  author={Liang, Yuhui and Qin, Yujia and Liu, Yao and Ye, Yanan and Liu, Zhiyuan and Sun, Maosong and others},
  journal={arXiv preprint arXiv:2303.16434},
  year={2023}
}

@inproceedings{park2023generative,
  title={Generative Agents for Document Processing},
  author={Park, Hyung Won and Lee, Sangho and Kim, Jinwoo},
  booktitle={Proceedings of the 2023 Conference on Empirical Methods in Natural Language Processing},
  year={2023}
}

@article{du2023improving,
  title={Improving Factual Consistency in Multi-Agent LLM Dialogue},
  author={Du, Xinya and Li, Haoran and Gao, Jianfeng},
  journal={arXiv preprint arXiv:2307.12069},
  year={2023}
}

@article{wu2023autoagents,
  title={AutoAgents: An Open-Source Framework for Building Multi-Agent Systems with Large Language Models},
  author={Wu, Zhen and Li, Xintong and Zhang, Jing and others},
  journal={arXiv preprint arXiv:2308.08155},
  year={2023}
}


@inproceedings{vaswani2017attention,
  title={Attention is all you need},
  author={Vaswani, Ashish and Shazeer, Noam and Parmar, Niki and Uszkoreit, Jakob and Jones, Llion and Gomez, Aidan N. and Kaiser, {\L}ukasz and Polosukhin, Illia},
  booktitle={Advances in Neural Information Processing Systems},
  volume={30},
  year={2017}
}

@article{le2025automated,
  title        = {Automated Web Application Testing: End-to-End Test Case Generation with Large Language Models and Screen Transition Graphs},
  author       = {Le, Nguyen-Khang and Bui, Quan Minh and Nguyen, Minh Ngoc and Nguyen, Hiep and Vo, Trung and Luu, Son T. and Nomura, Shoshin and Nguyen, Minh Le},
  journal      = {arXiv preprint arXiv:2506.02529},
  year         = {2025},
  url          = {https://arxiv.org/abs/2506.02529}
}

%%%%%%%%%%%%%%%%%%%%%%%%%%%%%%%%%%%%%%%%%%%%%%%%%%%%%%%%%%%%%%%%%%%%%%%%%%%%%%%%
% For more information, see:                                                   %
% "LaTeX-Kompendium: Zitieren mit BibTeX"                                      %
% https://de.wikibooks.org/wiki/LaTeX-Kompendium:_Zitieren_mit_BibTeX          %
%%%%%%%%%%%%%%%%%%%%%%%%%%%%%%%%%%%%%%%%%%%%%%%%%%%%%%%%%%%%%%%%%%%%%%%%%%%%%%%%
